@article{godunov1959difference,
  title={A difference scheme for numerical computation of discontinuous solutions of fluid dynamics},
  author={Godunov, SK},
  journal={Mat. Sb},
  volume={47},
  pages={271--306},
  year={1959}
}

@article{lee2021recursive,
  title = {A recursive system-free single-step temporal discretization method for finite difference methods},
  author = {Lee, Youngjun and Lee, Dongwook and Reyes, Adam},
  journal = {Journal of Computational Physics: X},
  volume = {12},
  pages = {100098},
  year = {2021},
  publisher = {Elsevier {BV}},
  doi = {10.1016/j.jcpx.2021.100098}
}

@article{lee2021single,
  title={A single-step third-order temporal discretization with Jacobian-free and Hessian-free formulations for finite difference methods},
  author={Lee, Youngjun and Lee, Dongwook},
  journal={Journal of Computational Physics},
  volume={427},
  pages={110063},
  year={2021},
  publisher={Elsevier}
}

@article{james2015gravitational,
  title={Gravitational lensing by spinning black holes in astrophysics, and in the movie Interstellar},
  author={James, Oliver and von Tunzelmann, Eug{\'e}nie and Franklin, Paul and Thorne, Kip S},
  journal={Classical and Quantum Gravity},
  volume={32},
  number={6},
  pages={065001},
  year={2015},
  publisher={IOP Publishing}
}

@article{alberdi2019first,
  title={First M87 Event Horizon Telescope results. I. The shadow of the supermassive black hole},
  author={Alberdi, Antx{\'o}n and G{\'o}mez Fern{\'a}ndez, JL and Event Horizon Telescope Collaboration and others},
  year={2019},
  publisher={Institute of Physics Publishing}
}

@article{haines2016detailed,
  title={Detailed high-resolution three-dimensional simulations of OMEGA separated reactants inertial confinement fusion experiments},
  author={Haines, Brian M and Grim, Gary P and Fincke, James R and Shah, Rahul C and Forrest, Chad J and Silverstein, Kevin and Marshall, Frederic J and Boswell, Melissa and Fowler, Malcolm M and Gore, Robert A and others},
  journal={Physics of Plasmas},
  volume={23},
  number={7},
  pages={072709},
  year={2016},
  publisher={AIP Publishing LLC}
}

@article{gaffney2019making,
  title={Making inertial confinement fusion models more predictive},
  author={Gaffney, Jim A and Brandon, Scott T and Humbird, Kelli D and Kruse, Michael KG and Nora, Ryan C and Peterson, J Luc and Spears, Brian K},
  journal={Physics of Plasmas},
  volume={26},
  number={8},
  pages={082704},
  year={2019},
  publisher={AIP Publishing LLC}
}

@article{meinecke2014turbulent,
  title={Turbulent amplification of magnetic fields in laboratory laser-produced shock waves},
  author={Meinecke, Jena and Doyle, HW and Miniati, Francesco and Bell, Anthony R and Bingham, R and Crowston, Robert and Drake, RP and Fatenejad, Milad and Koenig, Michel and Kuramitsu, Yasuhiro and others},
  journal={Nature Physics},
  volume={10},
  number={7},
  pages={520--524},
  year={2014},
  publisher={Nature Publishing Group}
}

@article{tzeferacos2018laboratory,
  title={Laboratory evidence of dynamo amplification of magnetic fields in a turbulent plasma},
  author={Tzeferacos, P and Rigby, A and Bott, AFA and Bell, AR and Bingham, R and Casner, A and Cattaneo, F and Churazov, EM and Emig, J and Fiuza, F and others},
  journal={Nature communications},
  volume={9},
  number={1},
  pages={1--8},
  year={2018},
  publisher={Nature Publishing Group}
}

@article{attig2011trends,
  title={Trends in supercomputing: The European path to exascale},
  author={Attig, Norbert and Gibbon, Paul and Lippert, Th},
  journal={Computer physics communications},
  volume={182},
  number={9},
  pages={2041--2046},
  year={2011},
  publisher={Elsevier}
}

@techreport{dongarra2014applied,
  title={Applied mathematics research for exascale computing},
  author={Dongarra, Jack and Hittinger, Jeffrey and Bell, John and Chacon, Luis and Falgout, Robert and Heroux, Michael and Hovland, Paul and Ng, Esmond and Webster, Clayton and Wild, Stefan},
  year={2014},
  institution={Lawrence Livermore National Lab.(LLNL), Livermore, CA (United States)}
}

@article{colella1984piecewise,
  author = {Colella, Phillip and Woodward, Paul R},
  journal = {Journal of computational physics},
  number = {1},
  pages = {174--201},
  publisher = {Elsevier},
  title = {The piecewise parabolic method ({PPM}) for gas-dynamical simulations},
  volume = {54},
  year = {1984}
}

@article{woodward1984numerical,
  author = {Woodward, Paul and Colella, Phillip},
  journal = {Journal of computational physics},
  number = {1},
  pages = {115--173},
  publisher = {Elsevier},
  title = {The numerical simulation of two-dimensional fluid flow with strong shocks},
  volume = {54},
  year = {1984}
}

@incollection{harten1987uniformly,
  author = {Harten, Ami and Engquist, Bjorn and Osher, Stanley and Chakravarthy, Sukumar R},
  booktitle = {Upwind and high-resolution schemes},
  pages = {218--290},
  publisher = {Springer},
  title = {Uniformly high order accurate essentially non-oscillatory schemes, III},
  year = {1987}
}

@article{liu1994weighted,
  author = {Liu, Xu-Dong and Osher, Stanley and Chan, Tony and others},
  journal = {Journal of computational physics},
  number = {1},
  pages = {200--212},
  publisher = {Citeseer},
  title = {Weighted essentially non-oscillatory schemes},
  volume = {115},
  year = {1994}
}

@article{jiang1996efficient,
  author = {Jiang, Guang-Shan and Shu, Chi-Wang},
  journal = {Journal of computational physics},
  number = {1},
  pages = {202--228},
  publisher = {Elsevier},
  title = {Efficient implementation of weighted {ENO} schemes},
  volume = {126},
  year = {1996}
}

@article{mignone2010high,
  author = {Mignone, Andrea and Tzeferacos, Petros and Bodo, Gianluigi},
  journal = {Journal of Computational Physics},
  number = {17},
  pages = {5896--5920},
  publisher = {Elsevier},
  title = {High-order conservative finite difference {GLM--MHD} schemes for cell-centered {MHD}},
  volume = {229},
  year = {2010}
}

@article{balsara2013efficient,
  author = {Balsara, Dinshaw S and Meyer, Chad and Dumbser, Michael and Du, Huijing and Xu, Zhiliang},
  journal = {Journal of Computational Physics},
  pages = {934--969},
  publisher = {Elsevier},
  title = {Efficient implementation of {ADER} schemes for {Euler} and magnetohydrodynamical flows on structured meshes---Speed comparisons with {Runge-Kutta} methods},
  volume = {235},
  year = {2013}
}

@article{balsara2016efficient,
  author = {Balsara, Dinshaw S and Garain, Sudip and Shu, Chi-Wang},
  journal = {Journal of Computational Physics},
  pages = {780--804},
  publisher = {Elsevier},
  title = {An efficient class of WENO schemes with adaptive order},
  volume = {326},
  year = {2016}
}

@article{borges2008improved,
  author = {Borges, Rafael and Carmona, Monique and Costa, Bruno and Don, Wai Sun},
  journal = {Journal of Computational Physics},
  number = {6},
  pages = {3191--3211},
  publisher = {Elsevier},
  title = {An improved weighted essentially non-oscillatory scheme for hyperbolic conservation laws},
  volume = {227},
  year = {2008}
}

@article{castro2011high,
  author = {Castro, Marcos and Costa, Bruno and Don, Wai Sun},
  journal = {Journal of Computational Physics},
  number = {5},
  pages = {1766--1792},
  publisher = {Elsevier},
  title = {High order weighted essentially non-oscillatory WENO-Z schemes for hyperbolic conservation laws},
  volume = {230},
  year = {2011}
}

@article{gottlieb1998total,
  Author = {Gottlieb, Sigal and Shu, Chi-Wang},
  Journal = {Mathematics of computation of the American Mathematical Society},
  Number = {221},
  Pages = {73--85},
  Title = {Total variation diminishing {Runge-Kutta} schemes},
  Volume = {67},
  Year = {1998}
}

@article{gottlieb2001strong,
  Author = {Gottlieb, Sigal and Shu, Chi-Wang and Tadmor, Eitan},
  Journal = {SIAM review},
  Number = {1},
  Pages = {89--112},
  Publisher = {SIAM},
  Title = {Strong stability-preserving high-order time discretization methods},
  Volume = {43},
  Year = {2001}
}

@book{gottlieb2011strong,
  Author = {Gottlieb, Sigal and Ketcheson, David I and Shu, Chi-Wang},
  Publisher = {World Scientific},
  Title = {Strong stability preserving {Runge-Kutta} and multistep time discretizations},
  Year = {2011}
}

@article{titarev2004finite,
  title={Finite-volume WENO schemes for three-dimensional conservation laws},
  author={Titarev, Vladimir A and Toro, Eleuterio F},
  journal={Journal of Computational Physics},
  volume={201},
  number={1},
  pages={238--260},
  year={2004},
  publisher={Elsevier}
}

@article{mccorquodale2011high,
  title={A high-order finite-volume method for conservation laws on locally refined grids},
  author={McCorquodale, Peter and Colella, Phillip},
  journal={Communications in Applied Mathematics and Computational Science},
  volume={6},
  number={1},
  pages={1--25},
  year={2011},
  publisher={Mathematical Sciences Publishers}
}

@article{zhang2011order,
  title={On the order of accuracy and numerical performance of two classes of finite volume WENO schemes},
  author={Zhang, Rui and Zhang, Mengping and Shu, Chi-Wang},
  journal={Communications in Computational Physics},
  volume={9},
  number={3},
  pages={807--827},
  year={2011},
  publisher={Cambridge University Press}
}

@article{buchmuller2014improved,
  title={Improved accuracy of high-order WENO finite volume methods on Cartesian grids},
  author={Buchm{\"u}ller, Pawel and Helzel, Christiane},
  journal={Journal of Scientific Computing},
  volume={61},
  number={2},
  pages={343--368},
  year={2014},
  publisher={Springer}
}

@article{felker2018fourth,
  title={A fourth-order accurate finite volume method for ideal MHD via upwind constrained transport},
  author={Felker, Kyle Gerard and Stone, James M},
  journal={Journal of Computational Physics},
  volume={375},
  pages={1365--1400},
  year={2018},
  publisher={Elsevier}
}

@article{dumbser2007quadrature,
  title={Quadrature-free non-oscillatory finite volume schemes on unstructured meshes for nonlinear hyperbolic systems},
  author={Dumbser, Michael and K{\"a}ser, Martin and Titarev, Vladimir A and Toro, Eleuterio F},
  journal={Journal of Computational Physics},
  volume={226},
  number={1},
  pages={204--243},
  year={2007},
  publisher={Elsevier}
}

@article{dumbser2008unified,
  title={A unified framework for the construction of one-step finite volume and discontinuous Galerkin schemes on unstructured meshes},
  author={Dumbser, Michael and Balsara, Dinshaw S and Toro, Eleuterio F and Munz, Claus-Dieter},
  journal={Journal of Computational Physics},
  volume={227},
  number={18},
  pages={8209--8253},
  year={2008},
  publisher={Elsevier}
}

@incollection{shu1989efficient,
  title={Efficient implementation of essentially non-oscillatory shock-capturing schemes, II},
  author={Shu, Chi-Wang and Osher, Stanley},
  booktitle={Upwind and High-Resolution Schemes},
  pages={328--374},
  year={1989},
  publisher={Springer}
}

amr
@article{berger1989local,
  title={Local adaptive mesh refinement for shock hydrodynamics},
  author={Berger, Marsha J and Colella, Phillip},
  journal={Journal of computational Physics},
  volume={82},
  number={1},
  pages={64--84},
  year={1989},
  publisher={Elsevier}
}

amr
@article{berger1998adaptive,
  title={Adaptive mesh refinement using wave-propagation algorithms for hyperbolic systems},
  author={Berger, Marsha J and Leveque, Randall J},
  journal={SIAM Journal on Numerical Analysis},
  volume={35},
  number={6},
  pages={2298--2316},
  year={1998},
  publisher={SIAM}
}

@article{shen2011adaptive,
  title={Adaptive mesh refinement based on high order finite difference WENO scheme for multi-scale simulations},
  author={Shen, Chaopeng and Qiu, Jing-Mei and Christlieb, Andrew},
  journal={Journal of Computational Physics},
  volume={230},
  number={10},
  pages={3780--3802},
  year={2011},
  publisher={Elsevier}
}

@incollection{shu1998essentially,
  title={Essentially non-oscillatory and weighted essentially non-oscillatory schemes for hyperbolic conservation laws},
  author={Shu, Chi-Wang},
  booktitle={Advanced numerical approximation of nonlinear hyperbolic equations},
  pages={325--432},
  year={1998},
  publisher={Springer}
}

@article{christlieb2018high,
  title={A high-order finite difference WENO scheme for ideal magnetohydrodynamics on curvilinear meshes},
  author={Christlieb, Andrew J and Feng, Xiao and Jiang, Yan and Tang, Qi},
  journal={SIAM Journal on Scientific Computing},
  volume={40},
  number={4},
  pages={A2631--A2666},
  year={2018},
  publisher={SIAM}
}

@article{christlieb2015picard,
  Author = {Christlieb, Andrew J and Guclu, Yaman and Seal, David C},
  Journal = {SIAM Journal on Numerical Analysis},
  Number = {4},
  Pages = {1833--1856},
  Publisher = {SIAM},
  Title = {The {Picard} integral formulation of weighted essentially nonoscillatory schemes},
  Volume = {53},
  Year = {2015}
}

@article{seal2016explicit,
  Author = {Seal, David C and Tang, Qi and Xu, Zhengfu and Christlieb, Andrew J},
  Journal = {Journal of Scientific Computing},
  Number = {1},
  Pages = {171--190},
  Publisher = {Springer},
  Title = {An explicit high-order single-stage single-step positivity-preserving finite difference {WENO} method for the compressible {Euler} equations},
  Volume = {68},
  Year = {2016}
}

@article{del2003efficient,
  title={An efficient shock-capturing central-type scheme for multidimensional relativistic flows-II. Magnetohydrodynamics},
  author={Del Zanna, L and Bucciantini, N and Londrillo, P},
  journal={Astronomy \& Astrophysics},
  volume={400},
  number={2},
  pages={397--413},
  year={2003},
  publisher={EDP Sciences}
}

@article{del2007echo,
  title={ECHO: a Eulerian conservative high-order scheme for general relativistic magnetohydrodynamics and magnetodynamics},
  author={Del Zanna, L and Zanotti, O and Bucciantini, N and Londrillo, P},
  journal={Astronomy \& Astrophysics},
  volume={473},
  number={1},
  pages={11--30},
  year={2007},
  publisher={EDP Sciences}
}

@article{reyes2019variable,
  title={A variable high-order shock-capturing finite difference method with GP-WENO},
  author={Reyes, Adam and Lee, Dongwook and Graziani, Carlo and Tzeferacos, Petros},
  journal={Journal of Computational Physics},
  volume={381},
  pages={189--217},
  year={2019},
  publisher={Elsevier}
}
